@misc{nasa2014srtm1sdem,
  author={{NASA LP DAAC}},
  title={SRTM 1 Arc-Second Global},
  year={2000},
  address={NASA EOSDIS Land Processes DAAC, USGS Earth Resources Observation and Science (EROS) Center, Sioux Falls, South Dakota},
  howpublished={\url{https://earthexplorer.usgs.gov/}},
  note={published September 2014, accessed May 2016}
}
@article{bishop1995drainage,
  title={Drainage rearrangement by river capture, beheading and diversion},
  author={Bishop, Paul},
  journal={Progress in physical geography},
  volume={19},
  number={4},
  pages={449--473},
  year={1995},
  publisher={Sage Publications Sage CA: Thousand Oaks, CA}
}
@article{sun2007fast,
  title={Fast and effective feature-preserving mesh denoising},
  author={Sun, Xianfang and Rosin, Paul and Martin, Ralph and Langbein, Frank},
  journal={IEEE Transactions on Visualization \& Computer Graphics},
  number={5},
  pages={925--938},
  year={2007},
  publisher={IEEE}
}

@Manual{R2020ALanguage,
    title = {R: A Language and Environment for Statistical Computing},
    author = {{R Core Team}},
    organization = {R Foundation for Statistical Computing},
    address = {Vienna, Austria},
    year = {2020},
    url = {https://www.R-project.org/},
  }
  
@Manual{jari2019vegan,
    title = {vegan: Community Ecology Package},
    author = {Jari Oksanen and F. Guillaume Blanchet and Michael Friendly and Roeland Kindt and Pierre Legendre and Dan McGlinn and Peter R. Minchin and R. B. O'Hara and Gavin L. Simpson and Peter Solymos and M. Henry H. Stevens and Eduard Szoecs and Helene Wagner},
    year = {2019},
    note = {R package version 2.5-6},
    url = {https://CRAN.R-project.org/package=vegan},
  }

@Book{kindt2005tree,
    title = {Tree diversity analysis. A manual and software for common statistical methods for ecological and biodiversity studies},
    author = {R. Kindt and R. Coe},
    publisher = {World Agroforestry Centre (ICRAF)},
    address = {Nairobi (Kenya)},
    year = {2005},
    note = {ISBN 92-9059-179-X},
    url = {http://www.worldagroforestry.org/output/tree-diversity-analysis},
  }

@Manual{wickman2017tidyverse,
    title = {tidyverse: Easily Install and Load the 'Tidyverse'},
    author = {Hadley Wickham},
    year = {2017},
    note = {R package version 1.2.1},
    url = {https://CRAN.R-project.org/package=tidyverse},
  }
  
@Manual{caceres2009associations,
    title = {Associations between species and groups of sites: indices and statistical inference},
    author = {Miquel {De Caceres} and Pierre Legendre},
    journal = {Ecology},
    year = {2009},
    url = {http://sites.google.com/site/miqueldecaceres/},
  }
  
@software{jose_ramon_martinez_batlle_2020_4402362,
  author       = {José Ramón Martínez Batlle},
  title        = {{biogeografia-master/scripts-de-analisis-BCI: Long 
                   coding sessions}},
  month        = dec,
  year         = 2020,
  publisher    = {Zenodo},
  version      = {v0.0.0.9000},
  doi          = {10.5281/zenodo.4402362},
  url          = {https://doi.org/10.5281/zenodo.4402362}
}  